@article{Marshall:2004zd,
      author         = "Marshall, Phil and Rajguru, Nutan and Slosar, Anze",
      title          = "{Bayesian evidence as a tool for comparing datasets}",
      journal        = "Phys. Rev.",
      volume         = "D73",
      year           = "2006",
      pages          = "067302",
      doi            = "10.1103/PhysRevD.73.067302",
      eprint         = "astro-ph/0412535",
      archivePrefix  = "arXiv",
      primaryClass   = "astro-ph",
      reportNumber   = "SLAC-PUB-10921",
      SLACcitation   = "%%CITATION = ASTRO-PH/0412535;%%"
}
@article{Seehars:2015qza,
    author         = "Seehars, Sebastian and Grandis, Sebastian and Amara, Adam
    and Refregier, Alexandre",
    title          = "{Quantifying Concordance in Cosmology}",
    journal        = "Phys. Rev.",
    volume         = "D93",
    year           = "2016",
    number         = "10",
    pages          = "103507",
    doi            = "10.1103/PhysRevD.93.103507",
    eprint         = "1510.08483",
    archivePrefix  = "arXiv",
    primaryClass   = "astro-ph.CO",
    SLACcitation   = "%%CITATION = ARXIV:1510.08483;%%"
}

@article{Seehars:2014ora,
    author         = "Seehars, Sebastian and Amara, Adam and Refregier,
    Alexandre and Paranjape, Aseem and Akeret, JoÃ«l",
    title          = "{Information Gains from Cosmic Microwave Background
    Experiments}",
    journal        = "Phys. Rev.",
    volume         = "D90",
    year           = "2014",
    number         = "2",
    pages          = "023533",
    doi            = "10.1103/PhysRevD.90.023533",
    eprint         = "1402.3593",
    archivePrefix  = "arXiv",
    primaryClass   = "astro-ph.CO",
    SLACcitation   = "%%CITATION = ARXIV:1402.3593;%%"
}
@article{Joudaki:2016mvz,
    author         = "Joudaki, Shahab and others",
    title          = "{CFHTLenS revisited: assessing concordance with Planck
    including astrophysical systematics}",
    journal        = "Mon. Not. Roy. Astron. Soc.",
    volume         = "465",
    year           = "2017",
    number         = "2",
    pages          = "2033-2052",
    doi            = "10.1093/mnras/stw2665",
    eprint         = "1601.05786",
    archivePrefix  = "arXiv",
    primaryClass   = "astro-ph.CO",
    SLACcitation   = "%%CITATION = ARXIV:1601.05786;%%"
}
@article{Lin:2017ikq,
    author         = "Lin, Weikang and Ishak, Mustapha",
    title          = "{Cosmological discordances: A new measure,
    marginalization effects, and application to geometry
    versus growth current data sets}",
    journal        = "Phys. Rev.",
    volume         = "D96",
    year           = "2017",
    number         = "2",
    pages          = "023532",
    doi            = "10.1103/PhysRevD.96.023532",
    eprint         = "1705.05303",
    archivePrefix  = "arXiv",
    primaryClass   = "astro-ph.CO",
    SLACcitation   = "%%CITATION = ARXIV:1705.05303;%%"
}
@article{Charnock:2017vcd,
    author         = "Charnock, Tom and Battye, Richard A. and Moss, Adam",
    title          = "{Planck data versus large scale structure}",
    journal        = "Phys. Rev.",
    volume         = "D95",
    year           = "2017",
    number         = "12",
    pages          = "123535",
    doi            = "10.1103/PhysRevD.95.123535",
    eprint         = "1703.05959",
    archivePrefix  = "arXiv",
    primaryClass   = "astro-ph.CO",
    SLACcitation   = "%%CITATION = ARXIV:1703.05959;%%"
}
@article{Verde:2013wza,
      author         = "Verde, Licia and Protopapas, Pavlos and Jimenez, Raul",
      title          = "{Planck and the local Universe: Quantifying the tension}",
      journal        = "Phys. Dark Univ.",
      volume         = "2",
      year           = "2013",
      pages          = "166-175",
      doi            = "10.1016/j.dark.2013.09.002",
      eprint         = "1306.6766",
      archivePrefix  = "arXiv",
      primaryClass   = "astro-ph.CO",
      SLACcitation   = "%%CITATION = ARXIV:1306.6766;%%"
}
@article{Trotta:2008qt,
    author         = "Trotta, Roberto",
    title          = "{Bayes in the sky: Bayesian inference and model selection
    in cosmology}",
    journal        = "Contemp. Phys.",
    volume         = "49",
    year           = "2008",
    pages          = "71-104",
    doi            = "10.1080/00107510802066753",
    eprint         = "0803.4089",
    archivePrefix  = "arXiv",
    primaryClass   = "astro-ph",
    SLACcitation   = "%%CITATION = ARXIV:0803.4089;%%"
}
@article{March:2011rv,
      author         = "March, M. C. and Trotta, R. and Amendola, L. and Huterer,
                        D.",
      title          = "{Robustness to systematics for future dark energy
                        probes}",
      journal        = "Mon. Not. Roy. Astron. Soc.",
      volume         = "415",
      year           = "2011",
      pages          = "143-152",
      doi            = "10.1111/j.1365-2966.2011.18679.x",
      eprint         = "1101.1521",
      archivePrefix  = "arXiv",
      primaryClass   = "astro-ph.CO",
      SLACcitation   = "%%CITATION = ARXIV:1101.1521;%%"
}
@article{Amendola:2012wc,
      author         = "Amendola, Luca and Marra, Valerio and Quartin, Miguel",
      title          = "{Internal Robustness: systematic search for systematic
                        bias in SN Ia data}",
      journal        = "Mon. Not. Roy. Astron. Soc.",
      volume         = "430",
      year           = "2013",
      pages          = "1867-1879",
      doi            = "10.1093/mnras/stt008",
      eprint         = "1209.1897",
      archivePrefix  = "arXiv",
      primaryClass   = "astro-ph.CO",
      SLACcitation   = "%%CITATION = ARXIV:1209.1897;%%"
}
@article{Ade:2015xua,
      author         = "Ade, P. A. R. and others",
      title          = "{Planck 2015 results. XIII. Cosmological parameters}",
      collaboration  = "Planck",
      journal        = "Astron. Astrophys.",
      volume         = "594",
      year           = "2016",
      pages          = "A13",
      doi            = "10.1051/0004-6361/201525830",
      eprint         = "1502.01589",
      archivePrefix  = "arXiv",
      primaryClass   = "astro-ph.CO",
      SLACcitation   = "%%CITATION = ARXIV:1502.01589;%%"
}
@article{Abbott:2017wau,
      author         = "Abbott, T. M. C. and others",
      title          = "{Dark Energy Survey Year 1 Results: Cosmological
                        Constraints from Galaxy Clustering and Weak Lensing}",
      collaboration  = "DES",
      year           = "2017",
      eprint         = "1708.01530",
      archivePrefix  = "arXiv",
      primaryClass   = "astro-ph.CO",
      reportNumber   = "FERMILAB-PUB-17-294-PPD",
      SLACcitation   = "%%CITATION = ARXIV:1708.01530;%%"
}
@article{Grandis:2016fwl,
      author         = "Grandis, S. and Rapetti, D. and Saro, A. and Mohr, J. J.
                        and Dietrich, J. P.",
      title          = "{Quantifying tensions between CMB and distance data sets
                        in models with free curvature or lensing amplitude}",
      journal        = "Mon. Not. Roy. Astron. Soc.",
      volume         = "463",
      year           = "2016",
      number         = "2",
      pages          = "1416-1430",
      doi            = "10.1093/mnras/stw2028",
      eprint         = "1604.06463",
      archivePrefix  = "arXiv",
      primaryClass   = "astro-ph.CO",
      SLACcitation   = "%%CITATION = ARXIV:1604.06463;%%"
}
@article{Shafieloo:2016zga,
    author         = "Shafieloo, Arman and Hazra, Dhiraj Kumar",
    title          = "{Consistency of the Planck CMB data and $\Lambda$CDM
    cosmology}",
    journal        = "JCAP",
    volume         = "1704",
    year           = "2017",
    number         = "04",
    pages          = "012",
    doi            = "10.1088/1475-7516/2017/04/012",
    eprint         = "1610.07402",
    archivePrefix  = "arXiv",
    primaryClass   = "astro-ph.CO",
    SLACcitation   = "%%CITATION = ARXIV:1610.07402;%%"
}
@article{Riess:2016jrr,
    author         = "Riess, Adam G. and others",
    title          = "{A 2.4\% Determination of the Local Value of the Hubble
    Constant}",
    journal        = "Astrophys. J.",
    volume         = "826",
    year           = "2016",
    number         = "1",
    pages          = "56",
    doi            = "10.3847/0004-637X/826/1/56",
    eprint         = "1604.01424",
    archivePrefix  = "arXiv",
    primaryClass   = "astro-ph.CO",
    SLACcitation   = "%%CITATION = ARXIV:1604.01424;%%"
}
@article{Bernal:2016gxb,
    author         = "Bernal, Jose Luis and Verde, Licia and Riess, Adam G.",
    title          = "{The trouble with $H_0$}",
    journal        = "JCAP",
    volume         = "1610",
    year           = "2016",
    number         = "10",
    pages          = "019",
    doi            = "10.1088/1475-7516/2016/10/019",
    eprint         = "1607.05617",
    archivePrefix  = "arXiv",
    primaryClass   = "astro-ph.CO",
    SLACcitation   = "%%CITATION = ARXIV:1607.05617;%%"
}
@article{Addison:2015wyg,
    author         = "Addison, G. E. and Huang, Y. and Watts, D. J. and
    Bennett, C. L. and Halpern, M. and Hinshaw, G. and
    Weiland, J. L.",
    title          = "{Quantifying discordance in the 2015 Planck CMB
    spectrum}",
    journal        = "Astrophys. J.",
    volume         = "818",
    year           = "2016",
    number         = "2",
    pages          = "132",
    doi            = "10.3847/0004-637X/818/2/132",
    eprint         = "1511.00055",
    archivePrefix  = "arXiv",
    primaryClass   = "astro-ph.CO",
    SLACcitation   = "%%CITATION = ARXIV:1511.00055;%%"
}
@article{Aghanim:2015xee,
    author         = "Aghanim, N. and others",
    title          = "{Planck 2015 results. XI. CMB power spectra, likelihoods,
    and robustness of parameters}",
    collaboration  = "Planck",
    journal        = "Astron. Astrophys.",
    volume         = "594",
    year           = "2016",
    pages          = "A11",
    doi            = "10.1051/0004-6361/201526926",
    eprint         = "1507.02704",
    archivePrefix  = "arXiv",
    primaryClass   = "astro-ph.CO",
    SLACcitation   = "%%CITATION = ARXIV:1507.02704;%%"
}
@article{Ade:2015xua,
    author         = "Ade, P. A. R. and others",
    title          = "{Planck 2015 results. XIII. Cosmological parameters}",
    collaboration  = "Planck",
    journal        = "Astron. Astrophys.",
    volume         = "594",
    year           = "2016",
    pages          = "A13",
    doi            = "10.1051/0004-6361/201525830",
    eprint         = "1502.01589",
    archivePrefix  = "arXiv",
    primaryClass   = "astro-ph.CO",
    SLACcitation   = "%%CITATION = ARXIV:1502.01589;%%"
}
@article{Aghanim:2016sns,
    author         = "Aghanim, N. and others",
    title          = "{Planck intermediate results. LI. Features in the cosmic
    microwave background temperature power spectrum and shifts
    in cosmological parameters}",
    collaboration  = "Planck",
    journal        = "Astron. Astrophys.",
    volume         = "607",
    year           = "2017",
    pages          = "A95",
    doi            = "10.1051/0004-6361/201629504",
    eprint         = "1608.02487",
    archivePrefix  = "arXiv",
    primaryClass   = "astro-ph.CO",
    SLACcitation   = "%%CITATION = ARXIV:1608.02487;%%"
}
@article{Feroz:2013hea,
    author         = "Feroz, F. and Hobson, M. P. and Cameron, E. and Pettitt,
    A. N.",
    title          = "{Importance Nested Sampling and the MultiNest Algorithm}",
    year           = "2013",
    eprint         = "1306.2144",
    archivePrefix  = "arXiv",
    primaryClass   = "astro-ph.IM",
    SLACcitation   = "%%CITATION = ARXIV:1306.2144;%%"
}
@article{Feroz:2008xx,
    author         = "Feroz, F. and Hobson, M. P. and Bridges, M.",
    title          = "{MultiNest: an efficient and robust Bayesian inference
    tool for cosmology and particle physics}",
    journal        = "Mon. Not. Roy. Astron. Soc.",
    volume         = "398",
    year           = "2009",
    pages          = "1601-1614",
    doi            = "10.1111/j.1365-2966.2009.14548.x",
    eprint         = "0809.3437",
    archivePrefix  = "arXiv",
    primaryClass   = "astro-ph",
    SLACcitation   = "%%CITATION = ARXIV:0809.3437;%%"
}
@article{Feroz:2007kg,
    author         = "Feroz, Farhan and Hobson, M. P.",
    title          = "{Multimodal nested sampling: an efficient and robust
    alternative to MCMC methods for astronomical data
    analysis}",
    journal        = "Mon. Not. Roy. Astron. Soc.",
    volume         = "384",
    year           = "2008",
    pages          = "449",
    doi            = "10.1111/j.1365-2966.2007.12353.x",
    eprint         = "0704.3704",
    archivePrefix  = "arXiv",
    primaryClass   = "astro-ph",
    SLACcitation   = "%%CITATION = ARXIV:0704.3704;%%"
}
@article{Lin:2017bhs,
      author         = "Lin, Weikang and Ishak, Mustapha",
      title          = "{Cosmological discordances II: Hubble constant, Planck
                        and large-scale-structure data sets}",
      journal        = "Phys. Rev.",
      volume         = "D96",
      year           = "2017",
      number         = "8",
      pages          = "083532",
      doi            = "10.1103/PhysRevD.96.083532",
      eprint         = "1708.09813",
      archivePrefix  = "arXiv",
      primaryClass   = "astro-ph.CO",
      SLACcitation   = "%%CITATION = ARXIV:1708.09813;%%"
}
@article{Abbott:2017wau,
      author         = "Abbott, T. M. C. and others",
      title          = "{Dark Energy Survey Year 1 Results: Cosmological
                        Constraints from Galaxy Clustering and Weak Lensing}",
      collaboration  = "DES",
      year           = "2017",
      eprint         = "1708.01530",
      archivePrefix  = "arXiv",
      primaryClass   = "astro-ph.CO",
      reportNumber   = "FERMILAB-PUB-17-294-PPD",
      SLACcitation   = "%%CITATION = ARXIV:1708.01530;%%"
}
@article{Bonvin:2016crt,
      author         = "Bonvin, V. and others",
      title          = "{H0LiCOW â V. New COSMOGRAIL time delays of
                        HE 0435â1223: $H_0$ to 3.8 per cent precision from
                        strong lensing in a flat ÎCDM model}",
      journal        = "Mon. Not. Roy. Astron. Soc.",
      volume         = "465",
      year           = "2017",
      number         = "4",
      pages          = "4914-4930",
      doi            = "10.1093/mnras/stw3006",
      eprint         = "1607.01790",
      archivePrefix  = "arXiv",
      primaryClass   = "astro-ph.CO",
      SLACcitation   = "%%CITATION = ARXIV:1607.01790;%%"
}
@Misc{scipy,
  author =    {Eric Jones and Travis Oliphant and Pearu Peterson and others},
  title =     {{SciPy}: Open source scientific tools for {Python}},
  year =      {2001--},
  url = "http://www.scipy.org/",
  note = {[Online; accessed May 1, 2018]}
}
@Article{Storn1997,
author="Storn, Rainer
and Price, Kenneth",
title="Differential Evolution -- A Simple and Efficient Heuristic for global Optimization over Continuous Spaces",
journal="Journal of Global Optimization",
year="1997",
month="Dec",
day="01",
volume="11",
number="4",
pages="341--359",
abstract="A new heuristic approach for minimizing possiblynonlinear and non-differentiable continuous spacefunctions is presented. By means of an extensivetestbed it is demonstrated that the new methodconverges faster and with more certainty than manyother acclaimed global optimization methods. The newmethod requires few control variables, is robust, easyto use, and lends itself very well to parallelcomputation.",
issn="1573-2916",
doi="10.1023/A:1008202821328",
url="https://doi.org/10.1023/A:1008202821328"
}
@MISC\{IMM2012-03274,
    author       = "K. B. Petersen and M. S. Pedersen",
    title        = "The Matrix Cookbook",
    year         = "2012",
    month        = "nov",
    keywords     = "Matrix identity, matrix relations, inverse, matrix derivative",
    publisher    = "Technical University of Denmark",
    address      = "",
    note         = "Version 20121115",
    url          = "http://www2.imm.dtu.dk/pubdb/p.php?3274",
    abstract     = "Matrix identities, relations and approximations. A desktop reference for quick overview of mathematics of matrices."
}
@article{Lewis:1999bs,
      author         = "Lewis, Antony and Challinor, Anthony and Lasenby,
                        Anthony",
      title          = "{Efficient computation of CMB anisotropies in closed FRW
                        models}",
      journal        = "Astrophys. J.",
      volume         = "538",
      year           = "2000",
      pages          = "473-476",
      doi            = "10.1086/309179",
      eprint         = "astro-ph/9911177",
      archivePrefix  = "arXiv",
      primaryClass   = "astro-ph",
      SLACcitation   = "%%CITATION = ASTRO-PH/9911177;%%"
}

@article{Howlett:2012mh,
      author         = "Howlett, Cullan and Lewis, Antony and Hall, Alex and
                        Challinor, Anthony",
      title          = "{CMB power spectrum parameter degeneracies in the era of
                        precision cosmology}",
      journal        = "JCAP",
      volume         = "1204",
      year           = "2012",
      pages          = "027",
      doi            = "10.1088/1475-7516/2012/04/027",
      eprint         = "1201.3654",
      archivePrefix  = "arXiv",
      primaryClass   = "astro-ph.CO",
      SLACcitation   = "%%CITATION = ARXIV:1201.3654;%%"
}
@article{Aylor:2017haa,
      author         = "Aylor, K. and others",
      title          = "{A Comparison of Cosmological Parameters Determined from
                        CMB Temperature Power Spectra from the South Pole
                        Telescope and the Planck Satellite}",
      collaboration  = "SPT",
      journal        = "Astrophys. J.",
      volume         = "850",
      year           = "2017",
      number         = "1",
      pages          = "101",
      doi            = "10.3847/1538-4357/aa947b",
      eprint         = "1706.10286",
      archivePrefix  = "arXiv",
      primaryClass   = "astro-ph.CO",
      reportNumber   = "FERMILAB-PUB-17-266-AE",
      SLACcitation   = "%%CITATION = ARXIV:1706.10286;%%"
}
@article{Raveri:2015maa,
      author         = "Raveri, Marco",
      title          = "{Are cosmological data sets consistent with each other
                        within the $\Lambda$ cold dark matter model?}",
      journal        = "Phys. Rev.",
      volume         = "D93",
      year           = "2016",
      number         = "4",
      pages          = "043522",
      doi            = "10.1103/PhysRevD.93.043522",
      eprint         = "1510.00688",
      archivePrefix  = "arXiv",
      primaryClass   = "astro-ph.CO",
      SLACcitation   = "%%CITATION = ARXIV:1510.00688;%%"
}
 